@article{hari2000,
  author  = {Hari},
  title   = {Sample Article},
  journal = {Journal of Examples},
  year    = {2000},
  volume  = {1},
  number  = {1},
  pages   = {123-456}
}

@book{boli2000,
  author    = {Boli},
  title     = {Sample Book},
  publisher = {Publishing Example},
  year      = {2000},
  address   = {City}
}